@article{bib:FPOcIm,
    author    = {Zhen-Zhen Yang and Liang-Nian He and Ya-Nan Zhao and Bing Yu},
    title     = {Highly Efficient \ce{SO2} Absorption and Its Subsequent Utilization by Weak Base/Polyethylene Glycol Binary System},
    journal   = {Environ. Sci. Technol.},
    year      = {2013},
    volume    = {47},
    number    = {3},
    pages     = {1598-1605},
    doi       = {10.1021/es304147q}
}

@article{bib:FPOcPz,
    author    = {D Boyer and R Gassend and J C Maire and J Elguero},
    title     = {Studies on the organogallylpyrazole series. {II}. {S}ubstitution reactions on alkyl halides and acid chlorides},
    journal   = {J. Organomet. Chem.},
    year      = {1981},
    volume    = {215},
    number    = {3},
    pages     = {349-354},
    doi       = {10.1016/S0022-328X(00)92611-1}
}

@online{bib:FPSigma,
    title     = {1-Octylimidazole.},
    year      = {2024},
    url       = {https://www.sigmaaldrich.com/US/en/product/aldrich/75078},
    urldate   = {2025-03-17}
}